<record xmlns:xsi="http://www.w3.org/2001/XMLSchema-instance" xmlns="http://www.loc.gov/MARC21/slim" xsi:schemaLocation="http://www.loc.gov/MARC21/slim http://www.loc.gov/standards/marcxml/schema/MARC21slim.xsd">

  <leader>00579nam a2200181Ia 4500</leader>
  <datafield tag="999" ind2=" " ind1=" ">
    <subfield code="c">2285</subfield>
    <subfield code="d">2285</subfield>
  </datafield>
  <controlfield tag="008">180705b1999    cr ||||| |||| 00| | spa d</controlfield>
  <datafield ind1=" " ind2=" " tag="090">
    <subfield code="a">18.09.01 </subfield>
    <subfield code="b">1039</subfield>
  </datafield>
  <datafield ind1=" " tag="100" ind2=" ">
    <subfield code="a">Carlino, Florencia</subfield>
    <subfield code="9">3921</subfield>
  </datafield>
  <datafield tag="245" ind2="3" ind1="1">
    <subfield code="a">La evaluación educacional: Historia problemas y propuestas / </subfield>
    <subfield code="c">Florencia Ruth Carlino</subfield>
  </datafield>
  <datafield ind1=" " tag="260" ind2=" ">
    <subfield code="a">San José, Costa Rica : </subfield>
    <subfield code="b">AIQUE, </subfield>
    <subfield code="c">1999</subfield>
  </datafield>
  <datafield ind1=" " ind2=" " tag="300">
    <subfield code="a">248 páginas</subfield>
  </datafield>
  <datafield ind2="4" tag="650" ind1="1">
    <subfield code="a">EVALUACIÓN DE LA EDUCACIÓN</subfield>
    <subfield code="9">308</subfield>
  </datafield>
  <datafield ind1="1" ind2="4" tag="650">
    <subfield code="a">EDUCACIÓN</subfield>
    <subfield code="9">1</subfield>
  </datafield>
  <datafield ind1="1" tag="650" ind2="4">
    <subfield code="a">HISTORIA</subfield>
    <subfield code="9">22</subfield>
  </datafield>
  <datafield ind1="1" tag="650" ind2="4">
    <subfield code="a">PROYECTOS DE EVALUACION </subfield>
    <subfield code="9">3922</subfield>
  </datafield>
  <datafield ind1="1" ind2="4" tag="650">
    <subfield code="a">APRENDIZAJE </subfield>
    <subfield code="9">387</subfield>
  </datafield>
  <datafield ind1=" " tag="942" ind2=" ">
    <subfield code="2">z</subfield>
    <subfield code="c">01</subfield>
  </datafield>
</record>